%% This BibTeX bibliography file was created using BibDesk.
%% http://bibdesk.sourceforge.net/


%% Created for Lauro Cesar Araujo at 2015-04-27 19:43:45 -0300 


%% Saved with string encoding Unicode (UTF-8) 



@article{wscad2017,
	author = { Emmanuel and Alyson D. Pereira and Rodrigo C. O. Rocha and Márcio Castro and Luís F. W. Góes},
	title = {Execução Energeticamente Eficiente de Aplicações Estêncil com o Processador Manycore MPPA-256},
	journal = {XVIII Simpósio em Sistemas Computacionais de Alto Desempenho - WSCAD},
	year = {2017},
	keywords = {},
	abstract = {Neste artigo é proposta uma adaptação do framework PSkel para o processador manycore de baixa potência MPPA-256. O framework permite simplificar o desenvolvimento de aplicações estêncil iterativas para o MPPA-256, escondendo do desenvolvedor detalhes de implementação. Os resultados obtidos no MPPA-256 mostraram uma redução do consumo de energia de aplicações estêncil iterativas de até 1.45x em comparação com um processador multicore Intel Broadwell.},
	url = {https://portaldeconteudo.sbc.org.br/index.php/wscad/article/view/238}
}

@article {CPE:CPE3479,
	author = {Pereira, Alyson D. and Ramos, Luiz and Góes, Luís F. W.},
	title = {PSkel: A stencil programming framework for CPU-GPU systems},
	journal = {Concurrency and Computation: Practice and Experience},
	volume = {27},
	number = {17},
	issn = {1532-0634},
	url = {http://dx.doi.org/10.1002/cpe.3479},
	doi = {10.1002/cpe.3479},
	pages = {4938--4953},
	keywords = {stencil pattern, parallel skeletons, task partitioning, CPU-GPU systems, TBB, CUDA},
	year = {2015},
	note = {cpe.3479},
}


@misc{Kalray,
	title = "Kalray",
	url = "http://www.kalrayinc.com/",
	year = "2017",
}

@article{francesquini:hal-01092325,
	TITLE = {{On the Energy Efficiency and Performance of Irregular Application Executions on Multicore, NUMA and Manycore Platforms}},
	AUTHOR = {Francesquini, Emilio and Castro, M{\'a}rcio and Penna, Pedro H. and Dupros, Fabrice and Freitas, Henrique Cota De and Navaux, Philippe Olivier Alexandre and M{\'e}haut, Jean-Fran{\c c}ois},
	URL = {https://hal-brgm.archives-ouvertes.fr/hal-01092325},
	JOURNAL = {{Journal of Parallel and Distributed Computing}},
	PUBLISHER = {{Elsevier}},
	VOLUME = {76},
	PAGES = {pp. 32-48},
	YEAR = {2015},
	MONTH = Feb,
	DOI = {10.1016/j.jpdc.2014.11.002},
	KEYWORDS = {k-means ; seismicwavepropagation ; TSP ; multicore ; NUMA ; energyeciency ; performance ; Manycore},
	PDF = {https://hal-brgm.archives-ouvertes.fr/hal-01092325/file/Francesquini_et_al_JPDC_2014.pdf},
	HAL_ID = {hal-01092325},
	HAL_VERSION = {v1},
}

@INPROCEEDINGS{6970647, 
	author={M. Castro and F. Dupros and E. Francesquini and J. F. Méhautk and P. O. A. Navaux}, 
	booktitle={2014 IEEE 26th International Symposium on Computer Architecture and High Performance Computing}, 
	title={Energy Efficient Seismic Wave Propagation Simulation on a Low-Power Manycore Processor}, 
	year={2014}, 
	volume={}, 
	number={}, 
	pages={57-64}, 
	keywords={energy conservation;integrated memory circuits;low-power electronics;microprocessor chips;seismic waves;HPC;MPPA-256;commonplace platforms;energy efficiency;energy efficient seismic wave propagation;general-purpose processors;high performance computing;large-scale simulation;low-power manycore processor;on-chip memory;processor idiosyncrasy;software development complexity;Computational modeling;Data transfer;Graphics processing units;Mathematical model;Memory management;Seismic waves}, 
	doi={10.1109/SBAC-PAD.2014.28}, 
	ISSN={1550-6533}, 
	month={Oct}
}

@article{castro2013,
	author = {Bastos Castro, Marcio and Francesquini, Emilio and Messi Nguele, Thomas and Méhaut, Jean-François},
	year = {2013},
	month = {11},
	pages = {5:1-5:8},
	title = {{Analysis of Computing and Energy Performance of Multicore, NUMA, and Manycore Platforms for an Irregular Application}},
	isbn = {9781450325035}
}

@article{castro:hal-01273153,
	TITLE = {{Seismic Wave Propagation Simulations on Low-power and Performance-centric Manycores}},
	AUTHOR = {Castro, M{\'a}rcio and Francesquini, Emilio and Dupros, Fabrice and Aochi, Hideo and Navaux, Philippe and Mehaut, Jean-Fran{\c c}ois},
	URL = {https://hal.archives-ouvertes.fr/hal-01273153},
	JOURNAL = {{Parallel Computing}},
	PUBLISHER = {{Elsevier}},
	YEAR = {2016},
	DOI = {10.1016/j.parco.2016.01.011},
	KEYWORDS = {performance ; Energy ; Seismic wave propagation ; MPPA-256 ; Xeon Phi ; HPC},
	PDF = {https://hal.archives-ouvertes.fr/hal-01273153/file/Parco-revised.pdf},
	HAL_ID = {hal-01273153},
	HAL_VERSION = {v1},
}

@article{COLE2004389,
	title = "Bringing skeletons out of the closet: a pragmatic manifesto for skeletal parallel programming",
	journal = "Parallel Computing",
	volume = "30",
	number = "3",
	pages = "389 - 406",
	year = "2004",
	issn = "0167-8191",
	doi = "https://doi.org/10.1016/j.parco.2003.12.002",
	url = "http://www.sciencedirect.com/science/article/pii/S0167819104000080",
	author = "Murray Cole",
	keywords = "Parallel programming, Libraries, Skeletons, Patterns, MPI"
}

@inproceedings{Holewinski:2012:HCG:2304576.2304619,
	author = {Holewinski, Justin and Pouchet, Louis-No\"{e}l and Sadayappan, P.},
	title = {High-performance Code Generation for Stencil Computations on GPU Architectures},
	booktitle = {Proceedings of the 26th ACM International Conference on Supercomputing},
	series = {ICS '12},
	year = {2012},
	isbn = {978-1-4503-1316-2},
	location = {San Servolo Island, Venice, Italy},
	pages = {311--320},
	numpages = {10},
	url = {http://doi.acm.org/10.1145/2304576.2304619},
	doi = {10.1145/2304576.2304619},
	acmid = {2304619},
	publisher = {ACM},
	address = {New York, NY, USA},
	keywords = {gpu, opencl, overlapped tiling, stencil},
} 
