%%
%% This BibTeX bibliography file was created using BibDesk. (MAC OS Only)
%% http://bibdesk.sourceforge.net/
%%

%%
%% Created for Lauro Cesar Araujo at 2013-08-21 10:57:09 -0300
%% Saved with string encoding Unicode (UTF-8)
%%

%
% Graphical Java application for managing BibTeX and BibLaTeX (.bib) databases (Windows/Linux/MAC)
% https://github.com/JabRef/jabref
%
% BibDesk-like software for Windows
% https://tex.stackexchange.com/questions/9454/bibdesk-like-software-for-windows
%
% LaTeX Bibliography Management
% https://en.wikibooks.org/wiki/LaTeX/Bibliography_Management#BibTeX
%
%
% $ date "+%Y-%m-%d %H:%M:%S"
% 2017-08-28 09:18:02
%
% YYYY-MM-DD format date in shell script
% https://stackoverflow.com/questions/1401482/yyyy-mm-dd-format-date-in-shell-script
%

%% This BibTeX bibliography file was created using BibDesk.
%% http://bibdesk.sourceforge.net/


%% Created for Lauro Cesar Araujo at 2015-04-27 19:43:45 -0300 


%% Saved with string encoding Unicode (UTF-8) 



@inproceedings{wscad2017,
	address = {Campinas, SP},
	author = {{PODEST{\'{A}} Jr.}, Emmanuel and Pereira, Alyson Deives and Rocha, Rodrigo Caetano de Oliveira and Castro, M{\'{a}}rcio and G{\'{o}}es, Lu{\'{i}}s Fabr{\'{i}}cio Wanderley},
	booktitle = {XVIII Simp{\'{o}}sio em Sistemas Computacionais de Alto Desempenho (WSCAD)},
	issn = {2358-6613},
	title = {{Execu{\c{c}}{\~{a}}o Energeticamente Eficiente de Aplica{\c{c}}{\~{o}}es Est{\^{e}}ncil com o Processador Manycore MPPA-256}},
	year = {2017},
	url = {https://portaldeconteudo.sbc.org.br/index.php/wscad/article/view/238}
}

@article {CPE:CPE3479,
	author = {Pereira, Alyson D. and Ramos, Luiz and Góes, Luís F. W.},
	title = {PSkel: A stencil programming framework for CPU-GPU systems},
	journal = {Concurrency and Computation: Practice and Experience},
	volume = {27},
	number = {17},
	issn = {1532-0634},
	url = {http://dx.doi.org/10.1002/cpe.3479},
	doi = {10.1002/cpe.3479},
	pages = {4938--4953},
	keywords = {stencil pattern, parallel skeletons, task partitioning, CPU-GPU systems, TBB, CUDA},
	year = {2015},
	note = {cpe.3479},
}


@misc{Kalray,
	title = "Kalray",
	url = "http://www.kalrayinc.com/",
	year = "2017",
}

@article{francesquini:hal-01092325,
	TITLE = {{On the Energy Efficiency and Performance of Irregular Application Executions on Multicore, NUMA and Manycore Platforms}},
	AUTHOR = {Francesquini, Emilio and Castro, M{\'a}rcio and Penna, Pedro H. and Dupros, Fabrice and Freitas, Henrique Cota De and Navaux, Philippe Olivier Alexandre and M{\'e}haut, Jean-Fran{\c c}ois},
	URL = {https://hal-brgm.archives-ouvertes.fr/hal-01092325},
	JOURNAL = {{Journal of Parallel and Distributed Computing}},
	PUBLISHER = {{Elsevier}},
	VOLUME = {76},
	PAGES = {32-48},
	YEAR = {2015},
	MONTH = Feb,
	DOI = {10.1016/j.jpdc.2014.11.002},
	KEYWORDS = {k-means ; seismicwavepropagation ; TSP ; multicore ; NUMA ; energyeciency ; performance ; Manycore},
	PDF = {https://hal-brgm.archives-ouvertes.fr/hal-01092325/file/Francesquini_et_al_JPDC_2014.pdf},
	HAL_ID = {hal-01092325},
	HAL_VERSION = {v1},
}

@INPROCEEDINGS{6970647, 
	author={M. Castro and F. Dupros and E. Francesquini and J. F. Méhautk and P. O. A. Navaux}, 
	booktitle={2014 IEEE 26th International Symposium on Computer Architecture and High Performance Computing}, 
	title={Energy Efficient Seismic Wave Propagation Simulation on a Low-Power Manycore Processor}, 
	year={2014}, 
	volume={}, 
	number={}, 
	pages={57-64}, 
	keywords={energy conservation;integrated memory circuits;low-power electronics;microprocessor chips;seismic waves;HPC;MPPA-256;commonplace platforms;energy efficiency;energy efficient seismic wave propagation;general-purpose processors;high performance computing;large-scale simulation;low-power manycore processor;on-chip memory;processor idiosyncrasy;software development complexity;Computational modeling;Data transfer;Graphics processing units;Mathematical model;Memory management;Seismic waves}, 
	doi={10.1109/SBAC-PAD.2014.28}, 
	ISSN={1550-6533}, 
	month=Oct
}

@article{castro2013,
	author = {Bastos Castro, Marcio and Francesquini, Emilio and Messi Nguele, Thomas and Méhaut, Jean-François},
	year = {2013},
	month = {11},
	pages = {5:1-5:8},
	title = {{Analysis of Computing and Energy Performance of Multicore, NUMA, and Manycore Platforms for an Irregular Application}},
	isbn = {9781450325035}
}

@article{castro:hal-01273153,
	TITLE = {{Seismic Wave Propagation Simulations on Low-power and Performance-centric Manycores}},
	AUTHOR = {Castro, M{\'a}rcio and Francesquini, Emilio and Dupros, Fabrice and Aochi, Hideo and Navaux, Philippe and Mehaut, Jean-Fran{\c c}ois},
	URL = {https://hal.archives-ouvertes.fr/hal-01273153},
	JOURNAL = {{Parallel Computing}},
	PUBLISHER = {{Elsevier}},
	YEAR = {2016},
	DOI = {10.1016/j.parco.2016.01.011},
	KEYWORDS = {performance ; Energy ; Seismic wave propagation ; MPPA-256 ; Xeon Phi ; HPC},
	PDF = {https://hal.archives-ouvertes.fr/hal-01273153/file/Parco-revised.pdf},
	HAL_ID = {hal-01273153},
	HAL_VERSION = {v1},
}

@article{COLE2004389,
	title = "Bringing skeletons out of the closet: a pragmatic manifesto for skeletal parallel programming",
	journal = "Parallel Computing",
	volume = "30",
	number = "3",
	pages = "389 - 406",
	year = "2004",
	issn = "0167-8191",
	doi = "https://doi.org/10.1016/j.parco.2003.12.002",
	url = "http://www.sciencedirect.com/science/article/pii/S0167819104000080",
	author = "Murray Cole",
	keywords = "Parallel programming, Libraries, Skeletons, Patterns, MPI"
}

@inproceedings{Holewinski:2012:HCG:2304576.2304619,
    author = {Holewinski, Justin and Pouchet, Louis-No\"{e}l and Sadayappan, P.},
    title = {High-performance Code Generation for Stencil Computations on GPU Architectures},
    booktitle = {Proceedings of the 26th ACM International Conference on Supercomputing},
    series = {ICS '12},
    year = {2012},
    isbn = {978-1-4503-1316-2},
    location = {San Servolo Island, Venice, Italy},
    pages = {311--320},
    numpages = {10},
    url = {http://doi.acm.org/10.1145/2304576.2304619},
    doi = {10.1145/2304576.2304619},
    acmid = {2304619},
    publisher = {ACM},
    address = {New York, NY, USA},
    keywords = {gpu, opencl, overlapped tiling, stencil},
} 

@INPROCEEDINGS{buono13, 
    author={D. Buono and M. Danelutto and S. Lametti and M. Torquati}, 
    booktitle={2013 21st Euromicro International Conference on Parallel, Distributed, and Network-Based Processing}, 
    title={Parallel Patterns for General Purpose Many-Core}, 
    year={2013}, 
    pages={131-139},  
    doi={10.1109/PDP.2013.27}, 
    ISSN={1066-6192}, 
}


@inproceedings{thoraransen16, 
    author={S. Thorarensen and R. Cuello and C. Kessler and L. Li and B. Barry}, 
    booktitle={Euromicro International Conference on Parallel, Distributed, and Network-Based Processing (PDP)}, 
    title={Efficient Execution of SkePU Skeleton Programs on the Low-Power Multicore Processor Myriad2}, 
    year={2016}, 
    pages={398-402},  
    doi={10.1109/PDP.2016.123},
}

@inproceedings{gysi15,
    author={T. Gysi and T. Grosser and T. Hoefler},
    title= {{MODESTO}: Data-centric Analytic Optimization of Complex Stencil Programs on Heterogeneous Architectures},
    booktitle = {International Conference on Supercomputing (ICS)},
    pages={177--186},
    address={Irvine, USA},
    publisher={ACM},
    year={2015}
}

@inproceedings{SCCEnergy:2012,
    address = {New Brunswick, Canada},
    author = {Totoni, Ehsan and Behzad, Babak and Ghike, Swapnil and Torrellas, Josep},
    booktitle = {IEEE International Symposium on Performance Analysis of Systems and Software (ISPASS)},
    doi = {10.1109/ISPASS.2012.6189208},
    pages = {78--87},
    publisher = {IEEE Computer Society},
    title = {Comparing the Power and Performance of Intel's {SCC} to State-of-the-Art {CPUs} and {GPUs}},
    year = {2012}
}

@article{Castro-Souza-CCPE:2016,
    author = {Souza, Matheus A. and others},
    doi = {10.1002/cpe.3892},
    issn = {1532-0634},
    journal = {Concurrency and Computation: Practice and Experience},
    title = {{CAP} Bench: A Benchmark Suite for Performance and Energy Evaluation of Low-power Many-core Processors},
    year = {2016}
}

@article {Rocha:2017,
	author = {Rocha, Rodrigo C. O. and Pereira, Alyson D. and Ramos, Luiz and Góes, Luís F. W.},
	title = {{TOAST}: Automatic tiling for iterative stencil computations on {GPU}s},
	journal = {Concurrency and Computation: Practice and Experience},
	volume = {29},
	number = {8},
	issn = {1532-0634},
	doi = {10.1002/cpe.4053},
	pages = {1--13},
	year = {2017},
}